
@online{microsoft_getting_nodate,
	title = {Getting Started {\textbar} {AutoGen}},
	url = {https://microsoft.github.io/autogen/docs/Getting-Started},
	abstract = {{AutoGen} is a framework that enables development of {LLM} applications using multiple agents that can converse with each other to solve tasks. {AutoGen} agents are customizable, conversable, and seamlessly allow human participation. They can operate in various modes that employ combinations of {LLMs}, human inputs, and tools.},
	author = {Microsoft},
	urldate = {2023-10-27},
	langid = {english},
	keywords = {agent},
	file = {Snapshot:C\:\\Users\\djinn\\Zotero\\storage\\VH2NSM99\\Getting-Started.html:text/html},
}

@online{langchain_agents_nodate,
	title = {Agents {\textbar} Langchain},
	url = {https://python.langchain.com/docs/modules/agents/},
	abstract = {The core idea of agents is to use an {LLM} to choose a sequence of actions to take.},
	titleaddon = {Agents {\textbar} Langchain},
	author = {{LangChain}},
	urldate = {2023-10-27},
	langid = {english},
	file = {Snapshot:C\:\\Users\\djinn\\Zotero\\storage\\XBKWC3EY\\agents.html:text/html},
}

@online{huggingface_hugging_nodate,
	title = {Hugging Face Hub documentation},
	url = {https://huggingface.co/docs/hub/index},
	abstract = {Weâ€™re on a journey to advance and democratize artificial intelligence through open source and open science.},
	author = {{HuggingFace}},
	urldate = {2023-10-27},
	keywords = {platform},
}
